%YAML 1.1
%TAG !u! tag:unity3d.com,2011:
--- !u!1 &3258809683289530980
GameObject:
  m_ObjectHideFlags: 0
  m_CorrespondingSourceObject: {fileID: 0}
  m_PrefabInstance: {fileID: 0}
  m_PrefabAsset: {fileID: 0}
  serializedVersion: 6
  m_Component:
  - component: {fileID: 7550665097456112753}
  - component: {fileID: 5072942219894648056}
  - component: {fileID: 7260519119009068830}
  - component: {fileID: 5643661811982202010}
  - component: {fileID: 5714433604747148966}
  - component: {fileID: 5789240352325275428}
  m_Layer: 0
  m_Name: NPC
  m_TagString: Inter
  m_Icon: {fileID: 0}
  m_NavMeshLayer: 0
  m_StaticEditorFlags: 0
  m_IsActive: 1
--- !u!4 &7550665097456112753
Transform:
  m_ObjectHideFlags: 0
  m_CorrespondingSourceObject: {fileID: 0}
  m_PrefabInstance: {fileID: 0}
  m_PrefabAsset: {fileID: 0}
  m_GameObject: {fileID: 3258809683289530980}
  serializedVersion: 2
  m_LocalRotation: {x: 0, y: 0, z: 0, w: 1}
  m_LocalPosition: {x: 5.78, y: 1.57, z: 7.92}
  m_LocalScale: {x: 1.3323, y: 1.3323, z: 1.3323}
  m_ConstrainProportionsScale: 0
  m_Children:
  - {fileID: 5946798733823900558}
  m_Father: {fileID: 0}
  m_LocalEulerAnglesHint: {x: 0, y: 0, z: 0}
--- !u!33 &5072942219894648056
MeshFilter:
  m_ObjectHideFlags: 0
  m_CorrespondingSourceObject: {fileID: 0}
  m_PrefabInstance: {fileID: 0}
  m_PrefabAsset: {fileID: 0}
  m_GameObject: {fileID: 3258809683289530980}
  m_Mesh: {fileID: 10208, guid: 0000000000000000e000000000000000, type: 0}
--- !u!23 &7260519119009068830
MeshRenderer:
  m_ObjectHideFlags: 0
  m_CorrespondingSourceObject: {fileID: 0}
  m_PrefabInstance: {fileID: 0}
  m_PrefabAsset: {fileID: 0}
  m_GameObject: {fileID: 3258809683289530980}
  m_Enabled: 0
  m_CastShadows: 1
  m_ReceiveShadows: 1
  m_DynamicOccludee: 1
  m_StaticShadowCaster: 0
  m_MotionVectors: 1
  m_LightProbeUsage: 1
  m_ReflectionProbeUsage: 1
  m_RayTracingMode: 2
  m_RayTraceProcedural: 0
  m_RayTracingAccelStructBuildFlagsOverride: 0
  m_RayTracingAccelStructBuildFlags: 1
  m_SmallMeshCulling: 1
  m_RenderingLayerMask: 1
  m_RendererPriority: 0
  m_Materials:
  - {fileID: 2100000, guid: eb6e57db7046abe4c9dfdb9ef75989b1, type: 2}
  m_StaticBatchInfo:
    firstSubMesh: 0
    subMeshCount: 0
  m_StaticBatchRoot: {fileID: 0}
  m_ProbeAnchor: {fileID: 0}
  m_LightProbeVolumeOverride: {fileID: 0}
  m_ScaleInLightmap: 1
  m_ReceiveGI: 1
  m_PreserveUVs: 0
  m_IgnoreNormalsForChartDetection: 0
  m_ImportantGI: 0
  m_StitchLightmapSeams: 1
  m_SelectedEditorRenderState: 3
  m_MinimumChartSize: 4
  m_AutoUVMaxDistance: 0.5
  m_AutoUVMaxAngle: 89
  m_LightmapParameters: {fileID: 0}
  m_SortingLayerID: 0
  m_SortingLayer: 0
  m_SortingOrder: 0
  m_AdditionalVertexStreams: {fileID: 0}
--- !u!136 &5643661811982202010
CapsuleCollider:
  m_ObjectHideFlags: 0
  m_CorrespondingSourceObject: {fileID: 0}
  m_PrefabInstance: {fileID: 0}
  m_PrefabAsset: {fileID: 0}
  m_GameObject: {fileID: 3258809683289530980}
  m_Material: {fileID: 0}
  m_IncludeLayers:
    serializedVersion: 2
    m_Bits: 0
  m_ExcludeLayers:
    serializedVersion: 2
    m_Bits: 0
  m_LayerOverridePriority: 0
  m_IsTrigger: 0
  m_ProvidesContacts: 0
  m_Enabled: 1
  serializedVersion: 2
  m_Radius: 0.5
  m_Height: 2
  m_Direction: 1
  m_Center: {x: 0, y: 0, z: 0}
--- !u!114 &5714433604747148966
MonoBehaviour:
  m_ObjectHideFlags: 0
  m_CorrespondingSourceObject: {fileID: 0}
  m_PrefabInstance: {fileID: 0}
  m_PrefabAsset: {fileID: 0}
  m_GameObject: {fileID: 3258809683289530980}
  m_Enabled: 1
  m_EditorHideFlags: 0
  m_Script: {fileID: 11500000, guid: 7fb64bc490cbc5149a87763076c5b9f3, type: 3}
  m_Name: 
  m_EditorClassIdentifier: 
  SetMultiDialog: 1
  charaterInteract_: {fileID: 11400000, guid: 61f0f145bbcfcae4ebe0b616e94c65ca, type: 2}
  charaterInteract_Multi: {fileID: 11400000, guid: b49d076e74a2e4f44804c9d9edb6aaf1,
    type: 2}
  Quest_Information: {fileID: 0}
  ClerkImage: {fileID: 5475299890743244202}
  LocationSet: {x: 0, y: 0, z: 0}
  LocationAdjust: {x: 0, y: 0, z: 0}
--- !u!114 &5789240352325275428
MonoBehaviour:
  m_ObjectHideFlags: 0
  m_CorrespondingSourceObject: {fileID: 0}
  m_PrefabInstance: {fileID: 0}
  m_PrefabAsset: {fileID: 0}
  m_GameObject: {fileID: 3258809683289530980}
  m_Enabled: 1
  m_EditorHideFlags: 0
  m_Script: {fileID: 11500000, guid: 1e3fdca004f2d45fe8abbed571a8abd5, type: 3}
  m_Name: 
  m_EditorClassIdentifier: 
  m_OverrideArea: 1
  m_Area: 1
  m_OverrideGenerateLinks: 0
  m_GenerateLinks: 0
  m_IgnoreFromBuild: 1
  m_ApplyToChildren: 1
  m_AffectedAgents: ffffffff
--- !u!1 &5475299890743244202
GameObject:
  m_ObjectHideFlags: 0
  m_CorrespondingSourceObject: {fileID: 0}
  m_PrefabInstance: {fileID: 0}
  m_PrefabAsset: {fileID: 0}
  serializedVersion: 6
  m_Component:
  - component: {fileID: 5946798733823900558}
  - component: {fileID: 5361463327293129662}
  - component: {fileID: 2350716478038533184}
  m_Layer: 0
  m_Name: Clerk
  m_TagString: Untagged
  m_Icon: {fileID: 0}
  m_NavMeshLayer: 0
  m_StaticEditorFlags: 0
  m_IsActive: 1
--- !u!4 &5946798733823900558
Transform:
  m_ObjectHideFlags: 0
  m_CorrespondingSourceObject: {fileID: 0}
  m_PrefabInstance: {fileID: 0}
  m_PrefabAsset: {fileID: 0}
  m_GameObject: {fileID: 5475299890743244202}
  serializedVersion: 2
  m_LocalRotation: {x: -0, y: -0.68457574, z: -0, w: 0.7289418}
  m_LocalPosition: {x: 0.101, y: 0.4, z: -0.06}
  m_LocalScale: {x: 0.456319, y: 0.38294291, z: 0.456319}
  m_ConstrainProportionsScale: 0
  m_Children:
  - {fileID: 2915442460366835763}
  m_Father: {fileID: 7550665097456112753}
  m_LocalEulerAnglesHint: {x: 0, y: -86.404, z: 0}
--- !u!212 &5361463327293129662
SpriteRenderer:
  m_ObjectHideFlags: 0
  m_CorrespondingSourceObject: {fileID: 0}
  m_PrefabInstance: {fileID: 0}
  m_PrefabAsset: {fileID: 0}
  m_GameObject: {fileID: 5475299890743244202}
  m_Enabled: 1
  m_CastShadows: 0
  m_ReceiveShadows: 0
  m_DynamicOccludee: 1
  m_StaticShadowCaster: 0
  m_MotionVectors: 1
  m_LightProbeUsage: 1
  m_ReflectionProbeUsage: 1
  m_RayTracingMode: 0
  m_RayTraceProcedural: 0
  m_RayTracingAccelStructBuildFlagsOverride: 0
  m_RayTracingAccelStructBuildFlags: 1
  m_SmallMeshCulling: 1
  m_RenderingLayerMask: 1
  m_RendererPriority: 0
  m_Materials:
  - {fileID: 10754, guid: 0000000000000000f000000000000000, type: 0}
  m_StaticBatchInfo:
    firstSubMesh: 0
    subMeshCount: 0
  m_StaticBatchRoot: {fileID: 0}
  m_ProbeAnchor: {fileID: 0}
  m_LightProbeVolumeOverride: {fileID: 0}
  m_ScaleInLightmap: 1
  m_ReceiveGI: 1
  m_PreserveUVs: 0
  m_IgnoreNormalsForChartDetection: 0
  m_ImportantGI: 0
  m_StitchLightmapSeams: 1
  m_SelectedEditorRenderState: 0
  m_MinimumChartSize: 4
  m_AutoUVMaxDistance: 0.5
  m_AutoUVMaxAngle: 89
  m_LightmapParameters: {fileID: 0}
  m_SortingLayerID: 0
  m_SortingLayer: 0
  m_SortingOrder: 0
  m_Sprite: {fileID: 21300000, guid: cb37fa3d5506acd4691ef0cd949c032c, type: 3}
  m_Color: {r: 1, g: 1, b: 1, a: 1}
  m_FlipX: 0
  m_FlipY: 0
  m_DrawMode: 0
  m_Size: {x: 3, y: 7.77}
  m_AdaptiveModeThreshold: 0.5
  m_SpriteTileMode: 0
  m_WasSpriteAssigned: 1
  m_MaskInteraction: 0
  m_SpriteSortPoint: 0
--- !u!114 &2350716478038533184
MonoBehaviour:
  m_ObjectHideFlags: 0
  m_CorrespondingSourceObject: {fileID: 0}
  m_PrefabInstance: {fileID: 0}
  m_PrefabAsset: {fileID: 0}
  m_GameObject: {fileID: 5475299890743244202}
  m_Enabled: 1
  m_EditorHideFlags: 0
  m_Script: {fileID: 11500000, guid: 3280e8c33b04f6e42879a947f3e5766d, type: 3}
  m_Name: 
  m_EditorClassIdentifier: 
  freezeXZAxis: 1
--- !u!1001 &4367359427711250249
PrefabInstance:
  m_ObjectHideFlags: 0
  serializedVersion: 2
  m_Modification:
    serializedVersion: 3
    m_TransformParent: {fileID: 5946798733823900558}
    m_Modifications:
    - target: {fileID: 590639856035189953, guid: 5b57c874c26e1b24eb5ec5dbdce96528,
        type: 3}
      propertyPath: m_Name
      value: PopUpMessage
      objectReference: {fileID: 0}
    - target: {fileID: 1205035270294927291, guid: 5b57c874c26e1b24eb5ec5dbdce96528,
        type: 3}
      propertyPath: PlayerPosition
      value: 
      objectReference: {fileID: 0}
    - target: {fileID: 1205035270294927291, guid: 5b57c874c26e1b24eb5ec5dbdce96528,
        type: 3}
      propertyPath: CloseUpSound.Path
      value: event:/sFX/PopUpMessage
      objectReference: {fileID: 0}
    - target: {fileID: 1205035270294927291, guid: 5b57c874c26e1b24eb5ec5dbdce96528,
        type: 3}
      propertyPath: CloseUpSound.Guid.Data1
      value: 400675302
      objectReference: {fileID: 0}
    - target: {fileID: 1205035270294927291, guid: 5b57c874c26e1b24eb5ec5dbdce96528,
        type: 3}
      propertyPath: CloseUpSound.Guid.Data2
      value: 1207174016
      objectReference: {fileID: 0}
    - target: {fileID: 1205035270294927291, guid: 5b57c874c26e1b24eb5ec5dbdce96528,
        type: 3}
      propertyPath: CloseUpSound.Guid.Data3
      value: -286657881
      objectReference: {fileID: 0}
    - target: {fileID: 1205035270294927291, guid: 5b57c874c26e1b24eb5ec5dbdce96528,
        type: 3}
      propertyPath: CloseUpSound.Guid.Data4
      value: 342163048
      objectReference: {fileID: 0}
    - target: {fileID: 1508214642754666362, guid: 5b57c874c26e1b24eb5ec5dbdce96528,
        type: 3}
      propertyPath: m_LocalScale.x
      value: 1.9560736
      objectReference: {fileID: 0}
    - target: {fileID: 1508214642754666362, guid: 5b57c874c26e1b24eb5ec5dbdce96528,
        type: 3}
      propertyPath: m_LocalScale.y
      value: 2.3308783
      objectReference: {fileID: 0}
    - target: {fileID: 1508214642754666362, guid: 5b57c874c26e1b24eb5ec5dbdce96528,
        type: 3}
      propertyPath: m_LocalScale.z
      value: 1.9560736
      objectReference: {fileID: 0}
    - target: {fileID: 1508214642754666362, guid: 5b57c874c26e1b24eb5ec5dbdce96528,
        type: 3}
      propertyPath: m_LocalPosition.x
      value: -1.0893391
      objectReference: {fileID: 0}
    - target: {fileID: 1508214642754666362, guid: 5b57c874c26e1b24eb5ec5dbdce96528,
        type: 3}
      propertyPath: m_LocalPosition.y
      value: 4.033693
      objectReference: {fileID: 0}
    - target: {fileID: 1508214642754666362, guid: 5b57c874c26e1b24eb5ec5dbdce96528,
        type: 3}
      propertyPath: m_LocalPosition.z
      value: 0.058914863
      objectReference: {fileID: 0}
    - target: {fileID: 1508214642754666362, guid: 5b57c874c26e1b24eb5ec5dbdce96528,
        type: 3}
      propertyPath: m_LocalRotation.w
      value: 0.03137156
      objectReference: {fileID: 0}
    - target: {fileID: 1508214642754666362, guid: 5b57c874c26e1b24eb5ec5dbdce96528,
        type: 3}
      propertyPath: m_LocalRotation.x
      value: -0
      objectReference: {fileID: 0}
    - target: {fileID: 1508214642754666362, guid: 5b57c874c26e1b24eb5ec5dbdce96528,
        type: 3}
      propertyPath: m_LocalRotation.y
      value: 0.9995078
      objectReference: {fileID: 0}
    - target: {fileID: 1508214642754666362, guid: 5b57c874c26e1b24eb5ec5dbdce96528,
        type: 3}
      propertyPath: m_LocalRotation.z
      value: -0
      objectReference: {fileID: 0}
    - target: {fileID: 1508214642754666362, guid: 5b57c874c26e1b24eb5ec5dbdce96528,
        type: 3}
      propertyPath: m_LocalEulerAnglesHint.x
      value: 0
      objectReference: {fileID: 0}
    - target: {fileID: 1508214642754666362, guid: 5b57c874c26e1b24eb5ec5dbdce96528,
        type: 3}
      propertyPath: m_LocalEulerAnglesHint.y
      value: 0
      objectReference: {fileID: 0}
    - target: {fileID: 1508214642754666362, guid: 5b57c874c26e1b24eb5ec5dbdce96528,
        type: 3}
      propertyPath: m_LocalEulerAnglesHint.z
      value: 0
      objectReference: {fileID: 0}
    m_RemovedComponents: []
    m_RemovedGameObjects: []
    m_AddedGameObjects: []
    m_AddedComponents: []
  m_SourcePrefab: {fileID: 100100000, guid: 5b57c874c26e1b24eb5ec5dbdce96528, type: 3}
--- !u!4 &2915442460366835763 stripped
Transform:
  m_CorrespondingSourceObject: {fileID: 1508214642754666362, guid: 5b57c874c26e1b24eb5ec5dbdce96528,
    type: 3}
  m_PrefabInstance: {fileID: 4367359427711250249}
  m_PrefabAsset: {fileID: 0}
